<?xml version="1.0" encoding="UTF-8"?><collection xmlns="http://www.loc.gov/MARC21/slim"><record><leader>00455nam--2200169-i-4500</leader><controlfield tag="001">000027709</controlfield><controlfield tag="002">20161230</controlfield><controlfield tag="005">20170122233847</controlfield><controlfield tag="008">060222s1000------------r-----000-0-eng-d</controlfield><datafield ind1=" " ind2=" " tag="100"><subfield code="a">Kriegh, Ben R</subfield></datafield><datafield ind1=" " ind2=" " tag="245"><subfield code="a">Calculus and analytic geometry</subfield></datafield><datafield ind1=" " ind2=" " tag="260"><subfield code="a">San Francisco</subfield><subfield code="b">W.H.Freeman And Co</subfield><subfield code="c">1966</subfield></datafield><datafield ind1=" " ind2=" " tag="300"><subfield code="a">XIII + 1069 p</subfield></datafield><datafield ind1=" " ind2=" " tag="490"><subfield code="a">A Series Books In Mathematics</subfield></datafield><datafield ind1=" " ind2=" " tag="700"><subfield code="a">Rutland, Leon W</subfield></datafield><datafield ind1=" " ind2=" " tag="852"><subfield code="a">27731</subfield><subfield code="c">513</subfield></datafield><datafield ind1=" " ind2=" " tag="CAT"><subfield code="a">SYS</subfield><subfield code="c">20170122</subfield><subfield code="h">233847</subfield></datafield></record></collection>